<?xml version="1.0" encoding="UTF-8"?><collection xmlns="http://www.loc.gov/MARC21/slim"><record><leader>00716nam--2200169-u-4500</leader><controlfield tag="001">000055596</controlfield><controlfield tag="002">20161230</controlfield><controlfield tag="005">20161230201052</controlfield><controlfield tag="008">130228s1000------------r-----000-0-eng-d</controlfield><datafield ind1=" " ind2=" " tag="040"><subfield code="a">IFIN-HH</subfield></datafield><datafield ind1=" " ind2=" " tag="080"><subfield code="a">413.239:539</subfield></datafield><datafield ind1="1" ind2=" " tag="110"><subfield code="a">United Nations Scientific Committee On The Effects And Atomic Radiation</subfield></datafield><datafield ind1="1" ind2="0" tag="245"><subfield code="a">Anglo-ispano-russko-frantuzskii slovari naucenih i tehniceskih terminov po atomnoi energii</subfield><subfield code="b">Atomic energy glossary of technical terms energie atomique glassaire des termes techniques energia atomica glosario de terminos tecnicos atomnaia energia glossarii tehniceskih terminov</subfield></datafield><datafield ind1=" " ind2=" " tag="260"><subfield code="a">New York</subfield><subfield code="b">United Nations</subfield><subfield code="c">1958</subfield></datafield><datafield ind1=" " ind2=" " tag="300"><subfield code="a">215P</subfield></datafield><datafield ind1=" " ind2=" " tag="852"><subfield code="a">D.184</subfield><subfield code="c">SLCH</subfield></datafield><datafield ind1=" " ind2=" " tag="CAT"><subfield code="a">Sys</subfield><subfield code="c">20130228</subfield><subfield code="h">140828</subfield></datafield></record></collection>